% Encoding: UTF-8

@inproceedings{iverson1962programming,
  title={A programming language},
  author={Iverson, Kenneth E},
  booktitle={Proceedings of the May 1-3, 1962, spring joint computer conference},
  pages={345--351},
  year={1962}
}

@Comment{jabref-meta: databaseType:bibtex;}
